@article{hurst,
    title={Long-term storage capacity of reservoirs},
    year=1951,
    author={Hurst, Harold Edwin},
    journal={Transactions of American Society of Civil Engineers},
    keywords = {statistics, synthesis, time series, water storage | reservoirs},
    pages={116-770},
    url={http://cedb.asce.org/CEDBsearch/record.jsp?dockey=0292165}
}

@article{mandelbrot,
   author = {{Mandelbrot}, B.~B. and {Wallis}, J.~R.},
    title = "{Noah, Joseph, and Operational Hydrology}",
  journal = {Water Resources Research},
 keywords = {statistics, synthesis, time series},
     year = 1968,
    month = oct,
   volume = 4,
    pages = {909-918},
}

@misc{Qian,
    author = {Bo Qian and et al.},
    title = {HURST EXPONENT AND FINANCIAL MARKET PREDICTABILITY},
    year = {2007}
}

Query Results from the ADS Database

@book{feders,
    author = {Feders, Jens},
    title = {Fractals (Physics of Solids and Liquids)},
    publisher = {Springer},
    year = {1988},
    ISBN = {0306428512}
}